<?xml version="1.0" encoding="UTF-8"?><record xmlns="http://www.loc.gov/MARC21/slim" xmlns:cinclude="http://apache.org/cocoon/include/1.0" xmlns:zs="http://www.loc.gov/zing/srw/">
  <leader>00619cz  a2200205n  4500</leader>
  <controlfield tag="001">n  86703473 </controlfield>
  <controlfield tag="003">DLC</controlfield>
  <controlfield tag="005">20090318080305.0</controlfield>
  <controlfield tag="008">880111nc acaaaaaan          |a ana      </controlfield>
  <datafield tag="010" ind1=" " ind2=" ">
    <subfield code="a">n  86703473 </subfield>
  </datafield>
  <datafield tag="035" ind1=" " ind2=" ">
    <subfield code="a">(OCoLC)oca02178638</subfield>
  </datafield>
  <datafield tag="040" ind1=" " ind2=" ">
    <subfield code="a">DLC</subfield>
    <subfield code="b">eng</subfield>
    <subfield code="c">DLC</subfield>
    <subfield code="d">DLC</subfield>
    <subfield code="d">OCoLC</subfield>
  </datafield>
  <datafield tag="130" ind1=" " ind2="0">
    <subfield code="a">"Wei wu lun zhe qi shi lu"</subfield>
  </datafield>
  <datafield tag="430" ind1=" " ind2="0">
    <subfield code="w">nne</subfield>
    <subfield code="a">"Wei wu lun che chĘťi shih lu.</subfield>
  </datafield>
  <datafield tag="642" ind1=" " ind2=" ">
    <subfield code="a">1</subfield>
    <subfield code="5">DLC</subfield>
  </datafield>
  <datafield tag="643" ind1=" " ind2=" ">
    <subfield code="a">Beijing</subfield>
    <subfield code="b">Zhongguo wen lian chu ban gong si</subfield>
    <subfield code="b">Xin hua shu dian Beijing fa xing suo fa xing</subfield>
  </datafield>
  <datafield tag="644" ind1=" " ind2=" ">
    <subfield code="a">f</subfield>
    <subfield code="5">DLC</subfield>
  </datafield>
  <datafield tag="645" ind1=" " ind2=" ">
    <subfield code="a">t</subfield>
    <subfield code="5">DLC</subfield>
  </datafield>
  <datafield tag="646" ind1=" " ind2=" ">
    <subfield code="a">s</subfield>
    <subfield code="5">DLC</subfield>
  </datafield>
  <datafield tag="670" ind1=" " ind2=" ">
    <subfield code="a">Chang, H.L. Nan jen ti i pan shih nuĚ jen, 1985:</subfield>
    <subfield code="b">t.p.</subfield>
  </datafield>
</record>